@Misc{km,
  author = 	 {K. M. Moudgalya},
  note =	 {{\tt http://www.moudgalya.org}},
  year =     2008
}

@Misc{wi,
  author =	 {Wikibooks},
  title = 	 {Latex Paragraph Formatting},
  note =	 {{\tt http://en.wikibooks.org/wiki/LaTeX/ParagraphFormatting}},
  year = 	 2009
}

@Misc{ru,
  author =	 {Wikipedia},
  title = 	 {Rube Goldberg Machine},
  note =	 {{\tt https://en.wikipedia.org/wiki/RubeGoldbergmachine}},
  year = 	 2009
}

@Misc{box,
  author =	 {Erin Catto},
  title = 	 {Box2D Documentation},
  note =	 {{\tt http://box2d.org/}},
  year = 	 1995
}

@Misc{pydoc,
  author =	 {python},
  title = 	 {python Documentation},
  note =	 {{\tt http://docs.python.org/3/tutorial/}},
  year = 	 1990
}


@Misc{pyhelp,
  author =	 {python3},
  title = 	 {python3 help},
  note =	 {{\tt http://www.openbookproject.net/thinkcs/python/english3e/}},
  year = 	 1990
}

@Misc{perf,
  author =	 {perf},
  title = 	 {perf profiling},
  note =	 {{\tt http://www.baptiste-wicht.com/2011/07/profile-applications-linux-perf-tools/}},
  year = 	 1980
}

@Misc{prof,
  author =	 {profiling},
  title = 	 {linux profiling},
  note =	 {{\tt http://www.pixelbeat.org/programming/profiling/}},
  year = 	 1980
}

@Misc{vid1,
  author =	 {youtube},
  title = 	 {simulation video},
  note =	 {{\tt https://www.youtube.com/watch?v=Cf4gy4gmsn8}},
  year = 	 1980
}

@Misc{vid2,
  author =	 {youtube},
  title = 	 {simulation video},
  note =	 {{\tt http://www.youtube.com/watch?v=MkLYXYQPaKU}},
  year = 	 1986
}
